hieu@hieu-X450CC.5483:1493815459