@book{thomas2002credit,
  title={Credit scoring and its applications},
  author={Thomas, Lyn C and Edelman, David B and Crook, Jonathan N},
  year={2002},
  publisher={SIAM}
}

@book{hosmer2013applied,
  title={Applied logistic regression},
  author={Hosmer Jr, David W and Lemeshow, Stanley and Sturdivant, Rodney X},
  volume={398},
  year={2013},
  publisher={John Wiley \& Sons}
}

@article{thomas2010consumer,
  title={Consumer finance: Challenges for operational research},
  author={Thomas, Lyn C},
  journal={Journal of the Operational Research Society},
  volume={61},
  number={1},
  pages={41--52},
  year={2010},
  publisher={Springer}
}

@article{baesens2003benchmarking,
  title={Benchmarking state-of-the-art classification algorithms for credit scoring},
  author={Baesens, Bart and Van Gestel, Tony and Viaene, Stijn and Stepanova, Maria and Suykens, Johan and Vanthienen, Jan},
  journal={Journal of the operational research society},
  volume={54},
  number={6},
  pages={627--635},
  year={2003},
  publisher={Springer}
}

@article{xiao2006comparative,
  title={A comparative study of data mining methods in consumer loans credit scoring management},
  author={Xiao, Wenbing and Zhao, Qian and Fei, Qi},
  journal={Journal of Systems Science and Systems Engineering},
  volume={15},
  number={4},
  pages={419--435},
  year={2006},
  publisher={Springer}
}

@article{lessmann2015benchmarking,
  title={Benchmarking state-of-the-art classification algorithms for credit scoring: An update of research},
  author={Lessmann, Stefan and Baesens, Bart and Seow, Hsin-Vonn and Thomas, Lyn C},
  journal={European Journal of Operational Research},
  volume={247},
  number={1},
  pages={124--136},
  year={2015},
  publisher={Elsevier}
}

@Manual{r:rbase,
  title = {R: A Language and Environment for Statistical Computing},
  author = {{R Core Team}},
  organization = {R Foundation for Statistical Computing},
  address = {Vienna, Austria},
  year = {2017},
  url = {https://www.R-project.org/},
}

@Book{r:knitr,
  title = {Dynamic Documents with {R} and knitr},
  author = {Yihui Xie},
  publisher = {Chapman and Hall/CRC},
  address = {Boca Raton, Florida},
  year = {2015},
  edition = {2nd},
  note = {ISBN 978-1498716963},
  url = {http://yihui.name/knitr/},
}

@Book{neu:ktl,
  title = {Giáo trình Kinh tế Lượng},
  author = "{Nguyễn Quang Dong và Nguyễn Thị Minh}",
  publisher = {NXB Đại học Kinh tế Quốc dân},
  year = {2013},
  keywords = {Vietnam}
}

@phdthesis{pham2012quan,
  title={Quản trị rủi ro tín dụng trong cho vay tiêu dùng tại ngân hàng TMCP Nam Á chi nhánh Bình Định},
  author={Phạm, Thị Hoàng Dung},
  year={2012},
  keywords = {Vietnam}
}

@Book{r:ggplot2,
  author = {Hadley Wickham},
  title = {ggplot2: Elegant Graphics for Data Analysis},
  publisher = {Springer-Verlag New York},
  year = {2009},
  isbn = {978-0-387-98140-6},
  url = {http://ggplot2.org},
}

@Manual{r:GGally,
    title = {GGally: Extension to 'ggplot2'},
    author = {Barret Schloerke and Jason Crowley and Di Cook and Francois Briatte and Moritz Marbach and Edwin Thoen and Amos Elberg and Joseph Larmarange},
    year = {2016},
    note = {R package version 1.3.0},
    url = {https://CRAN.R-project.org/package=GGally},
  }

@Manual{r:caret,
    title = {caret: Classification and Regression Training},
    author = {Max Kuhn. Contributions from Jed Wing and Steve Weston and Andre Williams and Chris Keefer and Allan Engelhardt and Tony Cooper and Zachary Mayer and Brenton Kenkel and the R Core Team and Michael Benesty and Reynald Lescarbeau and Andrew Ziem and Luca Scrucca and Yuan Tang and Can Candan and Tyler Hunt.},
    year = {2016},
    note = {R package version 6.0-73},
    url = {https://CRAN.R-project.org/package=caret},
  }

@Manual{r:tidyverse,
  title = {tidyverse: Easily Install and Load 'Tidyverse' Packages},
  author = {Hadley Wickham},
  year = {2017},
  note = {R package version 1.1.1},
  url = {https://CRAN.R-project.org/package=tidyverse},
}

@Article{r:glmnet,
  title = {Regularization Paths for Generalized Linear Models via Coordinate Descent},
  author = {Jerome Friedman and Trevor Hastie and Robert Tibshirani},
  journal = {Journal of Statistical Software},
  year = {2010},
  volume = {33},
  number = {1},
  pages = {1--22},
  url = {http://www.jstatsoft.org/v33/i01/},
}

@Article{r:kernlab,
  title = {kernlab -- An {S4} Package for Kernel Methods in {R}},
  author = {Alexandros Karatzoglou and Alex Smola and Kurt Hornik and Achim Zeileis},
  journal = {Journal of Statistical Software},
  year = {2004},
  volume = {11},
  number = {9},
  pages = {1--20},
  url = {http://www.jstatsoft.org/v11/i09/},
}

@article{CC01a,
  author = {Chang, Chih-Chung and Lin, Chih-Jen},
  title = {{LIBSVM}: A library for support vector machines},
  journal = {ACM Transactions on Intelligent Systems and Technology},
  volume = {2},
  issue = {3},
  year = {2011},
  pages = {27:1--27:27},
  note = {Software available at \url{http://www.csie.ntu.edu.tw/~cjlin/libsvm}}
}

@article{hsu2003practical,
  title={A practical guide to support vector classification},
  author={Hsu, Chih-Wei and Chang, Chih-Chung and Lin, Chih-Jen and others},
  year = {2003}
}

@book{mcneil2015quantitative,
  title={Quantitative risk management: Concepts, techniques and tools},
  author={McNeil, Alexander J and Frey, R{\"u}diger and Embrechts, Paul},
  year={2015},
  publisher={Princeton university press}
}

@inproceedings{boser1992training,
  title={A training algorithm for optimal margin classifiers},
  author={Boser, Bernhard E and Guyon, Isabelle M and Vapnik, Vladimir N},
  booktitle={Proceedings of the fifth annual workshop on Computational learning theory},
  pages={144--152},
  year={1992},
  organization={ACM}
}

@book{scholkopf1999advances,
  title={Advances in kernel methods: support vector learning},
  author={Sch{\"o}lkopf, Bernhard and Burges, Christopher JC},
  year={1999},
  publisher={MIT press}
}

@inproceedings{963105, 
  author={E. M. dos Santos and H. M. Gomes}, 
  booktitle={Proceedings XIV Brazilian Symposium on Computer Graphics and Image Processing}, 
  title={Appearance-based object recognition using support vector machines}, 
  year={2001}, 
  pages={399-}, 
  doi={10.1109/SIBGRAPI.2001.963105}, 
  month={Oct}
}
